@inproceedings{Mead1934MindSA,
	title	= {Mind, Self, and Society: From the Standpoint of a Social Behaviorist (Works of George Herbert Mead, Vol. 1)},
	author	= {George Herbert Mead},
	year	= {1934}
}

@book{oxdictphil,
	title	= {The Oxford Dictionary of Philosophy},
	author	= {Blackburn, Simon}, publisher = {Oxford University Press},
	isbn	= {9780198735304; 0198735308},
	year	= {2016},
	series	= {Oxford quick reference},
	edition	= {Third edition},
}

@online{what-cells,
	title	= {What cells in the human body live the longest?},
	author	= {{BBC Science Focus}},
	% year = {?},
	url	= {https://www.sciencefocus.com/the-human-body/what-cells-in-the-human-body-live-the-longest/},
	urldate	= {2023-06-23}
}

@article{Taub2008-ps,
	title	= "Immunity from smallpox vaccine persists for decades: a longitudinal study",
	author	= "Taub, Dennis D and Ershler, William B and Janowski, Mark and Artz, Andrew and Key, Michael L and McKelvey, Julie and Muller, Denis and Moss, Bernard and Ferrucci, Luigi and Duffey, Patricia L and Longo, Dan L",
	journal	= "Am. J. Med.",
	publisher	= "Elsevier BV",
	volume	= 121,
	number	= 12,
	pages	= "1058--1064",
	month	= dec,
	year	= 2008,
	language	= "en"
}


@inbook{MetaphysicsZeta,
	title	= {Zeta},
	booktitle	= {Metaphysics},
	author	= {Aristotle},
	translator	= {C. D. C. Reeve},
	publisher	= {Hackett Publishing},
	isbn	= {9781624664397},
	year	= {2016},
	volume	= {7},
	pages	= {104--131},
}

@book{LockeHumanUnderstanding,
	title	= {An Essay Concerning Human Understanding},
	author	= {John Locke},
	publisher	= {Penguin Classics},
	isbn	= {9780140434828},
	year	= {1998},
	edition	= {2},
}

@book{SelfNonself,
	title	= {Self and Nonself},
	author	= {Jess Martnez-Borra and Segundo Gonzlez and Carlos Lpez-Larrea},
	publisher	= {Springer},
	isbn	= {9781461416791},
	year	= {2012},
	series	= {Advances in Experimental Medicine and Biology},
	edition	= {1},
	
}

@book{OutOfThePast,
	author	= {Martin, M.G.F.},
	title	= {Out of the Past: Episodic Recall as Retained Acquaintance},
	series	= {Time and Memory},
	year	= {2001},
	publisher	= {Oxford University Press}
}

@book{pradeu2011limits,
	title	= {The limits of the self: immunology and biological identity},
	author	= {Pradeu, Thomas},
	year	= {2011},
	publisher	= {Oxford University Press}
}

@book{2020Principles,
	title	= {Principles of Neurobiology},
	author	= { Luo, L. },
	publisher	= {Principles of Neurobiology},
	year	= {2020},
}

@book{Kant1998,
	title	= {Groundwork of the Metaphysics of Morals},
	author	= {Kant, Immanuel},
	translator	= {Gregor, Mary J.},
	year	= {1998},
	publisher	= {Cambridge University Press},
}

@inproceedings{Mead1934MindSA,
	title	= {Mind, Self, and Society: From the Standpoint of a Social Behaviorist (Works of George Herbert Mead, Vol. 1)},
	author	= {George Herbert Mead},
	year	= {1934}
}

@book{oxdictphil,
	title	= {The Oxford Dictionary of Philosophy},
	author	= {Blackburn, Simon},
	publisher	= {Oxford University Press},
	isbn	= {9780198735304; 0198735308},
	year	= {2016},
	series	= {Oxford quick reference},
	edition	= {Third edition},
}

@online{what-cells,
	title	= {What cells in the human body live the longest?},
	author	= {{BBC Science Focus}},
	% year = {?},
	url	= {https://www.sciencefocus.com/the-human-body/what-cells-in-the-human-body-live-the-longest/},
	urldate	= {2023-06-23}
}

@article{Taub2008-ps,
	title	= "Immunity from smallpox vaccine persists for decades: a longitudinal study",
	author	= "Taub, Dennis D and Ershler, William B and Janowski, Mark and Artz, Andrew and Key, Michael L and McKelvey, Julie and Muller, Denis and Moss, Bernard and Ferrucci, Luigi and Duffey, Patricia L and Longo, Dan L",
	journal	= "Am. J. Med.",
	publisher	= "Elsevier BV",
	volume	= 121,
	number	= 12,
	pages	= "1058--1064",
	month	= dec,
	year	= 2008,
	language	= "en"
}

@inbook{MetaphysicsZeta,
	title	= {Zeta},
	booktitle	= {Metaphysics},
	author	= {Aristotle},
	translator	= {C. D. C. Reeve},
	publisher	= {Hackett Publishing},
	isbn	= {9781624664397},
	year	= {2016},
	volume	= {7},
	pages	= {104--131},
}

@book{LockeHumanUnderstanding,
	title	= {An Essay Concerning Human Understanding},
	author	= {John Locke},
	publisher	= {Penguin Classics},
	isbn	= {9780140434828},
	year	= {1998},
	edition	= {2},
}

@book{SelfNonself,
	title	= {Self and Nonself},
	author	= {Jess Martnez-Borra and Segundo Gonzlez and Carlos Lpez-Larrea},
	publisher	= {Springer},
	isbn	= {9781461416791},
	year	= {2012},
	series	= {Advances in Experimental Medicine and Biology},
	edition	= {1},
	
}

@book{OutOfThePast,
	author	= {Martin, M.G.F.},
	title	= {Out of the Past: Episodic Recall as Retained Acquaintance},
	series	= {Time and Memory},
	year	= {2001},
	publisher	= {Oxford University Press}
}

@book{pradeu2011limits, title={The limits of the self: immunology and biological identity}, author={Pradeu, Thomas}, year={2011}, publisher={Oxford University Press}}

@Book{2020Principles,
	author	= {Luo, L.},
	publisher	= {Principles of Neurobiology},
	title	= {Principles of Neurobiology},
	year	= {2020},
}

@book{Kant1998,
	title	= {Groundwork of the Metaphysics of Morals},
	author	= {Kant, Immanuel},
	translator	= {Gregor, Mary J.},
	year	= {1998},
	publisher	= {Cambridge University Press},
}

@InCollection{sep-mead,
	author	= {Aboulafia, Mitchell and Taylor, Scott},
	title	= {{George Herbert Mead}},
	booktitle	= {The {Stanford} Encyclopedia of Philosophy},
	editor	= {Edward N. Zalta and Uri Nodelman},
	howpublished	= {\url{https://plato.stanford.edu/archives/spr2023/entries/mead/}},
	year	= {2023},
	edition	= {{S}pring 2023},
	publisher	= {Metaphysics Research Lab, Stanford University}
}

@Book{DavidHume,
	author	= {David Hume and David Fate Norton and Mary J. Norton},
	publisher	= {Clarendon Press},
	title	= {A Treatise of Human Nature},
	year	= {2007},
	edition	= {1},
	isbn	= {9780199263837},
}

@book{BurnetFenner,
	author	= {Burnet, F. M. and Fenner, F.},
	year	= {1949},
	title	= {The production of antibodies},
	edition	= {2},
	publisher	= {Macmillan}
}

@jurisdiction{bakke,
	journaltitle	= {United States Supreme Court Reports},
	title	= {{Regents of the University of California \emph{v.}\ Bakke}},
	shorttitle	= {Bakke},
	shortjournal	= {U.\,S\adddot},
	date	= 1978,
	volume	= 438,
	pages	= 265
}

@jurisdiction{harvard,
	journaltitle	= {United States Supreme Court Reports},
	title	= {{Students for Fair Admissions \emph{v.}\ President and Fellows of Harvard College}},
	shorttitle	= {Harvard},
	shortjournal	= {U.\,S\adddot},
	date	= 2023,
	volume	= 600,
	pages	= {\_\_\_\_}
}

@jurisdiction{grutter,
	journaltitle	= {United States Supreme Court Reports},
	title	= {{Grutter \emph{v.}\ Bollinger}},
	shorttitle	= {Grutter},
	shortjournal	= {U.\,S\adddot},
	date	= 2003,
	volume	= 539,
	pages	= 306
}

@jurisdiction{fisher2,
	journaltitle	= {United States Supreme Court Reports},
	title	= {{Fisher \emph{v.}\ University of Tex.\ at Austin}},
	shorttitle	= {Fisher II},
	shortjournal	= {U.\,S\adddot},
	date	= 2016,
	volume	= 579,
	pages	= 365
}

@jurisdiction{schuette,
	journaltitle	= {United States Supreme Court Reports},
	title	= {{Schuette \emph{v.}\ BAMN}},
	shorttitle	= {Schuette},
	shortjournal	= {U.\,S\adddot},
	date	= 2014,
	volume	= 572,
	pages	= 291
}

@jurisdiction{shaw,
	journaltitle	= {United States Supreme Court Reports},
	title	= {{Shaw \emph{v.}\ Reno}},
	shorttitle	= {Shaw},
	shortjournal	= {U.\,S\adddot},
	date	= 1993,
	volume	= 509,
	pages	= 630
}

@book{justice,
	title	= {Justice: What's the Right Thing to Do?},
	shorttitle	= {Justice},
	author	= {Michael J. Sandel},
	publisher	= {Farrar, Straus and Giroux},
 % isbn =      {9780374532505},
	year	= {2010},
}

@jurisdiction{green,
	journaltitle	= {United States Supreme Court Reports},
	title	= {{Green \emph{v.}\ School Bd.\ of New Kent Cty\adddot}},
	shorttitle	= {Green},
	shortjournal	= {U.\,S\adddot},
	date	= 1968,
	volume	= 391,
	pages	= 430
}
  
@jurisdiction{brinkman,
	journaltitle	= {United States Supreme Court Reports},
	title	= {{Dayton Bd.\ of Ed.\ \emph{v.}\ Brinkman}},
	shorttitle	= {brinkman},
	shortjournal	= {U.\,S\adddot},
	date	= 1979,
	volume	= 443,
	pages	= 526
}

@jurisdiction{brown,
	journaltitle	= {United States Supreme Court Reports},
	title	= {{Brown \emph{v.}\ Board of Education}},
	shorttitle	= {Brown},
	shortjournal	= {U.\,S\adddot},
	date	= 1954,
	volume	= 347,
	pages	= 483
}

@jurisdiction{sweatt,
	journaltitle	= {United States Supreme Court Reports},
	title	= {{Sweatt \emph{v.}\ Painter}},
	shorttitle	= {Sweatt},
	shortjournal	= {U.\,S\adddot},
	date	= 1950,
	volume	= 339,
	pages	= 629
}


% vim: nowrap ts=16
% The following regular expression could be used to make the keys uniform
% %s/\v^^I(\l+)\s*\=\s*/^I\1 = /
